@inproceedings{lattner2004llvm,
  title={LLVM: A compilation framework for lifelong program analysis \& transformation},
  author={Lattner, Chris and Adve, Vikram},
  booktitle={International Symposium on Code Generation and Optimization, 2004. CGO 2004.},
  pages={75--86},
  year={2004},
  organization={IEEE}
}


@article{CompilerGym,
      title={{CompilerGym: Robust, Performant Compiler Optimization Environments for AI Research}},
      author={Chris Cummins and Bram Wasti and Jiadong Guo and Brandon Cui and Jason Ansel and Sahir Gomez and Somya Jain and Jia Liu and Olivier Teytaud and Benoit Steiner and Yuandong Tian and Hugh Leather},
      journal={arXiv:2109.08267},
      year={2021},
}

@article{ben2018neural,
  title={Neural Code Comprehension: A Learnable Representation of Code Semantics},
  author={Ben-Nun, Tal and Jakobovits, Alice Shoshana and Hoefler, Torsten},
  journal={Advances in Neural Information Processing Systems},
  volume={31},
  year={2018}
}

@article{liu2019roberta,
  title={Roberta: A robustly optimized bert pretraining approach},
  author={Liu, Yinhan and Ott, Myle and Goyal, Naman and Du, Jingfei and Joshi, Mandar and Chen, Danqi and Levy, Omer and Lewis, Mike and Zettlemoyer, Luke and Stoyanov, Veselin},
  journal={arXiv preprint arXiv:1907.11692},
  year={2019}
}

@article{feng2020codebert,
  title={Codebert: A pre-trained model for programming and natural languages},
  author={Feng, Zhangyin and Guo, Daya and Tang, Duyu and Duan, Nan and Feng, Xiaocheng and Gong, Ming and Shou, Linjun and Qin, Bing and Liu, Ting and Jiang, Daxin and others},
  journal={arXiv preprint arXiv:2002.08155},
  year={2020}
}

@article{devlin2018bert,
  title={Bert: Pre-training of deep bidirectional transformers for language understanding},
  author={Devlin, Jacob and Chang, Ming-Wei and Lee, Kenton and Toutanova, Kristina},
  journal={arXiv preprint arXiv:1810.04805},
  year={2018}
}

@article{cummins2020programl,
  title={Programl: Graph-based deep learning for program optimization and analysis},
  author={Cummins, Chris and Fisches, Zacharias V and Ben-Nun, Tal and Hoefler, Torsten and Leather, Hugh},
  journal={arXiv preprint arXiv:2003.10536},
  year={2020}
}

@techreport{bailey1995parallel,
  title={The NAS parallel benchmarks 2.0},
  author={Bailey, David and Harris, Tim and Saphir, William and Van Der Wijngaart, Rob and Woo, Alex and Yarrow, Maurice},
  year={1995},
  institution={Technical Report NAS-95-020, NASA Ames Research Center}
}

@inproceedings{fursin2009collective,
  title={Collective tuning initiative: automating and accelerating development and optimization of computing systems},
  author={Fursin, Grigori},
  booktitle={GCC Developers' Summit},
  year={2009}
}

@article{wolf2019huggingface,
  title={Huggingface's transformers: State-of-the-art natural language processing},
  author={Wolf, Thomas and Debut, Lysandre and Sanh, Victor and Chaumond, Julien and Delangue, Clement and Moi, Anthony and Cistac, Pierric and Rault, Tim and Louf, R{\'e}mi and Funtowicz, Morgan and others},
  journal={arXiv preprint arXiv:1910.03771},
  year={2019}
}
